@online{FilesMainDHprojects2023,
  title = {Files · Main · {{DH-projects}} / {{DiScholEd}} · {{GitLab}}},
  date = {2023-06-01},
  url = {https://gitlab.inria.fr/dh-projects/discholed/-/blob/main/Pb-component-bundle/pb-timeline.js},
  urldate = {2023-08-30},
  abstract = {Gitlab at Inria},
  langid = {english},
  organization = {{GitLab}},
  file = {C\:\\Users\\samsc\\Zotero\\storage\\XKU4FVHB\\pb-timeline.html},
  keywords={main}
}

@online{VanGoghLetters,
  title = {Van {{Gogh Letters}}},
  url = {https://teipublisher.com/exist/apps/vangogh/index.html},
  urldate = {2023-08-30},
  file = {C\:\\Users\\samsc\\Zotero\\storage\\U5X48DHG\\index.html},
  keywords={site}
}

@online{WordPress,
  title = {{{WordPress}}},
  url = {https://fr.wordpress.org/},
  urldate = {2023-08-30},
  keywords={site}
}

@online{Wix,
  title = {{{Wix}}},
  url = {https://fr.wix.com/},
  urldate = {2023-08-30},
  keywords={site}
}

@online{AllChannelsEeditiones,
  title = {All Channels - e-Editiones.Org - {{Slack}}},
  url = {https://app.slack.com/client/T012TH5TPJA/browse-channels/thread/C012YTJP5HB-1654605524.721479},
  urldate = {2023-08-31},
  file = {C\:\\Users\\samsc\\Zotero\\storage\\IUSDFYKZ\\C012YTJP5HB-1654605524.html},
  keywords={main}
}


@online{TraveLab,
  title = {{{TraveLab}}},
  url = {https://teipublisher.info/exist/apps/TraveLab/index.html},
  urldate = {2023-08-30},
  file = {C\:\\Users\\samsc\\Zotero\\storage\\BEZQ83JF\\index.html},
  keywords={site}
}


@online{JJR,
  title = {{{JJR}}},
  url = {https://rabearivelo.huma-num.fr/exist/apps/jjr/index.html},
  urldate = {2023-08-30},
  file = {C\:\\Users\\samsc\\Zotero\\storage\\Q99LLVDA\\index.html},
  keywords={site}
}


@online{FrequentlyAskedQuestions,
  title = {Frequently {{Asked Questions}} :: {{TEI Publisher FAQ}}},
  url = {https://faq.teipublisher.com/},
  urldate = {2023-08-30},
  file = {C\:\\Users\\samsc\\Zotero\\storage\\33D46634\\faq.teipublisher.com.html},
  keywords={main}
}


@online{EditionLettresEdition,
  title = {Édition de Lettres - {{Édition}} de Lettres d'{{Alfred Escher}}},
  url = {https://www.briefedition.alfred-escher.ch/briefe/},
  urldate = {2023-08-29},
  file = {C\:\\Users\\samsc\\Zotero\\storage\\MGY8IM7X\\briefe.html},
  keywords={main}
}

@online{TEIPublisherWebcomponents,
  title = {{{TEI Publisher Webcomponents API}}},
  url = {https://cdn.tei-publisher.com/@2.4.5/dist/api.html#pb-timeline.0},
  urldate = {2023-08-29},
  file = {C\:\\Users\\samsc\\Zotero\\storage\\NVVMQZ4N\\api.html},
  keywords={main}
}
@online{AtomicWiki,
  title = {Atomic {{Wiki}}},
  url = {https://exist-db.org/exist/apps/wiki/blogs/eXist/teipublisher},
  urldate = {2023-08-14},
  keywords={main}
}

@misc{bottigerNachlassBottigerCarl00,
    author = { Böttiger, Carl August },
    title = { Nachlass Böttiger, Carl August (1760-1835) - Mscr.Dresd.h.37 },
    publisher = {},
    keywords = {main},
    year = {1792},
    abstract = {Kurzaufnahme eines Nachlasses. - Katalog: Sächsische Landesbibliothek <Dresden>: Katalog der Handschriften der Sächsischen Landesbibliothek (vormals Kgl. Öff. Bibliothek) zu Dresden, Bd. 4. - Nachdr. [der Ausg.] 1923. Dresden, Sächs. Landesbibliothek, 1983, S. 81. - 297 Bde u. Kapseln, Nachlass Böttiger, Carl August (1760-1835)},
    address = { [S.l.] },
    url = { http://slubdd.de/katalog?TN_libero_mab2 }
}


@online{TEIPublisherDocumentation,
  title = {{{TEI Publisher}}},
  url = {https://teipublisher.com/exist/apps/tei-publisher/doc/documentation.xml?odd=docbook&view=div},
  urldate = {2023-08-14},
  keywords={main}
}

@online{TEIPublisher,
  title = {{{TEI Publisher}}},
  url = {https://teipublisher.com/index.html},
  urldate = {2023-08-14},
  keywords = {site}
}

@online{DiScholEdBerlinintellectualsCorrespondences,
  title = {{{DiScholEd}}/Berlin-Intellectuals: {{Correspondences}} and Writings from Various Authors, Shedding Light on Intellectual Life in {{Berlin}} in the Late 18th and Early 19th Century},
  author = {Chiffoleau, Floriane},
  url = {https://discholed.huma-num.fr/exist/apps/discholed/history/history_boeckh.html},
  urldate = {2023-08-14},
  keywords={main}
}

@online{MaGuerre19141918,
  title = {« Ma guerre 1914-1918 » | Matthieu Quignard},
  author = {{Matthieu Quignard}},
  date = {2022-02-01},
  url = {http://www.icar.cnrs.fr/membre/mquignard/ma-guerre-1914-1918/},
  urldate = {2023-08-17},
  langid = {french},
  keywords={main}
}

@online{CMSOpenSource,
  title = {Les {{CMS}} Open Source \& {{Elocms}} - {{Vertuoz}}},
  url = {https://www.vertuoz.fr/blog/webmarketing/les-cms-open-source-and-elocms},
  urldate = {2023-08-23},
  keywords={main}
}

@online{MeilleurCMS2023,
  title = {Meilleur CMS (2023) : comparatif des systèmes de gestion de contenu},
  shorttitle = {Meilleur CMS (2023)},
  url = {https://www.01net.com/hebergeur/cms/},
  urldate = {2023-08-23},
  abstract = {Quel CMS privilégier pour créer un site ? Pour vous aider, on vous présente un top 5 des meilleurs CMS en 2023.},
  langid = {french},
  organization = {{01net.com}},
  keywords={main}
}

@book{tisonGuerrePourPaix2018,
  title = {En Guerre Pour La Paix. {{Correspondance Paul}} d'{{Estournelles}} de {{Constant}} et {{Nicholas Murray-Butler}} 1914-1919},
  author = {Tison, Stéphane and Akhund, Nadine},
  date = {2018},
  publisher = {{Alma Editeur}},
  url = {https://hal.science/hal-01865430},
  urldate = {2023-08-23},
  abstract = {From the summer of 1914 to the conclusion of the Treaty of Versailles (1919), a Frenchman and an American regularly wrote one another, maintaining a gripping chronicle of the war's daily life and the world's transformation. Two men of great influence in their respective spheres, both were recipients of the Nobel Peace Prize. Their common goal? To combat the militarism, nationalism, and violence imposed on civilians during the war. Furthermore, to lay out a vision of a democratic Europe, a plan to avert the brutalization of society. " Americans, you are the ones who condemned and executed, over a century ago, the imperialism of Great Britain. Europe, then, condemned and executed the imperialism of Napoleon; and now she is going to condemn and execute the imperialism of Germany. Take advantage of this triple experience to put imperialism to death, in your country, and do Europe the immeasurable service of offering your good example. "},
  keywords={main}
}

@online{LettresTextesBerlin,
  title = {Lettres et Textes Du {{Berlin}} Intellectuel Vers 1800},
  url = {https://www.berliner-intellektuelle.eu/?language=fr},
  urldate = {2023-08-23},
  keywords={site}}

@inproceedings{puren:hal-03623351,
  TITLE = {{Between History and Natural Language Processing: Study, Enrichment and Online Publication of French Parliamentary Debates of the Early Third Republic (1881-1899)}},
  AUTHOR = {Puren, Marie and Pellet, Aur{\'e}lien and Bourgeois, Nicolas and Vernus, Pierre and Lebreton, Fanny},
  URL = {https://hal.science/hal-03623351},
  BOOKTITLE = {{ParlaCLARIN III at LREC2022 - Workshop on Creating, Enriching and Using Parliamentary Corpora}},
  ADDRESS = {Marseille, France},
  YEAR = {2022},
  MONTH = Jun,
  KEYWORDS = {main},
  PDF = {https://hal.science/hal-03623351v2/file/purenetal_workshopParlaClarinIII.pdf},
  HAL_ID = {hal-03623351},
  HAL_VERSION = {v2},
}

@article{tuckerFacingChallengeDigital2022,
  title = {Facing the Challenge of Digital Sustainability as Humanities Researchers},
  author = {Tucker, Joanna},
  date = {2022},
  journaltitle = {Journal of the British Academy},
  volume = {10},
  pages = {93--120},
  publisher = {{British Academy}},
  issn = {2052-7217},
  doi = {10.5871/jba/010.093},
  url = {https://eprints.gla.ac.uk/282107/},
  urldate = {2023-08-31},
  abstract = {Humanities researchers are increasingly united in their concerns about the long-term sustainability of digital resources. Much of our work is now reliant upon the use of resources such as databases, online research tools and digital editions. Libraries and archives are undertaking programmes of ‘mass digitisation’, making our primary sources available to view as digital images on the web. This article presents a view of the current landscape as well as thoughts for the future of digital research for scholars in the humanities. It considers four aspects of sus- tainability (technological, financial, environmental and ‘human’), and offers a new working definition for digital sustainability in this context. This centres on sustainability not just as a technical concern but as a multifaceted activity within which humanities researchers can play a crucial role.},
  langid = {english},
  file = {C\:\\Users\\samsc\\Zotero\\storage\\7FEAEYQQ\\Tucker - 2022 - Facing the challenge of digital sustainability as .pdf;C\:\\Users\\samsc\\Zotero\\storage\\BNY99LM7\\282107.html},
  keywords = {main}
}


@article{pierazzo:hal-02117714,
  TITLE = {{What future for digital scholarly editions? From Haute Couture to Pr{\^e}t-{\`a}-Porter}},
  AUTHOR = {Pierazzo, Elena},
  URL = {https://hal.science/hal-02117714},
  JOURNAL = {{International Journal for Digital Humanities}},
  PUBLISHER = {{Springer}},
  VOLUME = {1},
  PAGES = {1-12},
  YEAR = {2019},
  MONTH = May,
  DOI = {10.1007/s42803-019-00019-3},
  KEYWORDS = {main},
  HAL_ID = {hal-02117714},
  HAL_VERSION = {v1},
}

@article{epapers4200,
          number = {27s},
           month = {11},
          author = {Elisa Bastianello},
            note = {This article is archived in ePapers for preservation purposes},
           title = {Digital Editions at the Bibliotheca Hertziana},
       publisher = {Department of History of Art, The University of Birmingham},
         journal = {Journal of Art Historiography},
            year = {2022},
        keywords = {main},
             url = {http://epapers.bham.ac.uk/4200/},
        abstract = {Digital editions of books are enjoying a tremendous success in recent years, especially after COVID pandemics limited the access to physical books. But digital editions can be much more than just a digital reproduction of the pages of a printed book. For this reason, the Bibliotheca Hertziana, among other institutions, is investing lot of resources in order to improve the offer of digital publications, with the support of new technologies such as neural text recognition. Crucial points include the use of shared standards such as TEI XML and open source platforms such as TEI Publisher to ensure long-term accessibility and preservation.}
}

@article{riffard:halshs-03979331,
  TITLE = {{Dans les archives litt{\'e}raires francophones africaines : Approche g{\'e}n{\'e}tique et constitution de corpus}},
  AUTHOR = {Riffard, Claire},
  URL = {https://shs.hal.science/halshs-03979331},
  JOURNAL = {{Sources. Material \& Fieldwork in African Studies}},
  PUBLISHER = {{IFRA Nairobi}},
  NUMBER = {5},
  PAGES = {43-69},
  YEAR = {2023},
  MONTH = Feb,
  DOI = {10.34847/nkl.c50021wp},
  KEYWORDS = {main},
  PDF = {https://shs.hal.science/halshs-03979331v2/file/SOURCES_05_02-C-RIFFARD-Dans-les-archives-litt%C3%A9raires-francophones-africaines.pdf},
  HAL_ID = {halshs-03979331},
  HAL_VERSION = {v2},
}


